time,price,size
2022-12-27 23:59:58+00:00,1.063715,0.0
2022-12-28 00:00:00+00:00,1.06371,0.0
2022-12-28 00:00:00+00:00,1.063715,0.0
2022-12-28 00:00:00+00:00,1.06369,0.0
2022-12-28 00:00:00+00:00,1.063695,0.0
2022-12-28 00:00:00+00:00,1.06369,0.0
2022-12-28 00:00:00+00:00,1.063685,0.0
2022-12-28 00:00:00+00:00,1.06368,0.0
2022-12-28 00:00:00+00:00,1.063675,0.0
2022-12-28 00:00:00+00:00,1.06367,0.0
2022-12-28 00:00:00+00:00,1.063675,0.0
2022-12-28 00:00:00+00:00,1.06368,0.0
2022-12-28 00:00:00+00:00,1.063685,0.0
2022-12-28 00:00:00+00:00,1.06369,0.0
2022-12-28 00:00:00+00:00,1.063695,0.0
2022-12-28 00:00:01+00:00,1.06369,0.0
2022-12-28 00:00:01+00:00,1.063685,0.0
2022-12-28 00:00:01+00:00,1.06368,0.0
2022-12-28 00:00:01+00:00,1.063675,0.0
2022-12-28 00:00:01+00:00,1.06367,0.0
2022-12-28 00:00:02+00:00,1.063675,0.0
2022-12-28 00:00:02+00:00,1.06367,0.0
2022-12-28 00:00:02+00:00,1.06366,0.0
2022-12-28 00:00:02+00:00,1.063655,0.0
2022-12-28 00:00:03+00:00,1.06365,0.0
2022-12-28 00:00:03+00:00,1.063655,0.0
2022-12-28 00:00:03+00:00,1.06365,0.0
2022-12-28 00:00:03+00:00,1.06367,0.0
2022-12-28 00:00:03+00:00,1.063665,0.0
2022-12-28 00:00:03+00:00,1.06367,0.0
2022-12-28 00:00:03+00:00,1.063665,0.0
2022-12-28 00:00:03+00:00,1.06365,0.0
2022-12-28 00:00:03+00:00,1.063645,0.0
2022-12-28 00:00:03+00:00,1.06364,0.0
2022-12-28 00:00:03+00:00,1.063635,0.0
2022-12-28 00:00:03+00:00,1.06363,0.0
2022-12-28 00:00:03+00:00,1.063635,0.0
2022-12-28 00:00:03+00:00,1.06363,0.0
2022-12-28 00:00:03+00:00,1.063635,0.0
2022-12-28 00:00:03+00:00,1.06364,0.0
2022-12-28 00:00:03+00:00,1.063635,0.0
2022-12-28 00:00:04+00:00,1.06364,0.0
2022-12-28 00:00:04+00:00,1.063635,0.0
2022-12-28 00:00:04+00:00,1.06363,0.0
2022-12-28 00:00:04+00:00,1.063625,0.0
2022-12-28 00:00:04+00:00,1.063615,0.0
2022-12-28 00:00:04+00:00,1.06361,0.0
2022-12-28 00:00:04+00:00,1.063605,0.0
2022-12-28 00:00:04+00:00,1.0636,0.0
2022-12-28 00:00:04+00:00,1.063595,0.0
2022-12-28 00:00:04+00:00,1.0636,0.0
2022-12-28 00:00:04+00:00,1.063595,0.0
2022-12-28 00:00:04+00:00,1.06359,0.0
2022-12-28 00:00:04+00:00,1.063585,0.0
2022-12-28 00:00:04+00:00,1.06358,0.0
2022-12-28 00:00:04+00:00,1.063585,0.0
2022-12-28 00:00:04+00:00,1.06358,0.0
2022-12-28 00:00:04+00:00,1.063585,0.0
2022-12-28 00:00:04+00:00,1.06359,0.0
2022-12-28 00:00:04+00:00,1.063595,0.0
2022-12-28 00:00:04+00:00,1.0636,0.0
2022-12-28 00:00:04+00:00,1.063595,0.0
2022-12-28 00:00:05+00:00,1.06359,0.0
2022-12-28 00:00:06+00:00,1.063585,0.0
2022-12-28 00:00:06+00:00,1.06358,0.0
2022-12-28 00:00:06+00:00,1.063575,0.0
2022-12-28 00:00:06+00:00,1.06357,0.0
2022-12-28 00:00:06+00:00,1.063565,0.0
2022-12-28 00:00:06+00:00,1.06356,0.0
2022-12-28 00:00:07+00:00,1.063555,0.0
2022-12-28 00:00:08+00:00,1.06356,0.0
2022-12-28 00:00:08+00:00,1.063565,0.0
2022-12-28 00:00:08+00:00,1.06357,0.0
2022-12-28 00:00:08+00:00,1.063575,0.0
2022-12-28 00:00:08+00:00,1.06358,0.0
2022-12-28 00:00:08+00:00,1.063585,0.0
2022-12-28 00:00:08+00:00,1.06359,0.0
2022-12-28 00:00:08+00:00,1.063595,0.0
2022-12-28 00:00:08+00:00,1.0636,0.0
2022-12-28 00:00:08+00:00,1.063605,0.0
2022-12-28 00:00:08+00:00,1.06361,0.0
2022-12-28 00:00:09+00:00,1.063615,0.0
2022-12-28 00:00:09+00:00,1.06361,0.0
2022-12-28 00:00:10+00:00,1.063615,0.0
2022-12-28 00:00:10+00:00,1.06361,0.0
2022-12-28 00:00:11+00:00,1.063615,0.0
2022-12-28 00:00:11+00:00,1.063625,0.0
2022-12-28 00:00:11+00:00,1.06363,0.0
2022-12-28 00:00:11+00:00,1.063635,0.0
2022-12-28 00:00:11+00:00,1.06364,0.0
2022-12-28 00:00:11+00:00,1.063645,0.0
2022-12-28 00:00:11+00:00,1.06364,0.0
2022-12-28 00:00:11+00:00,1.063635,0.0
2022-12-28 00:00:11+00:00,1.06364,0.0
2022-12-28 00:00:11+00:00,1.063645,0.0
2022-12-28 00:00:11+00:00,1.06365,0.0
2022-12-28 00:00:12+00:00,1.063655,0.0
2022-12-28 00:00:12+00:00,1.063665,0.0
2022-12-28 00:00:13+00:00,1.06367,0.0
2022-12-28 00:00:13+00:00,1.063665,0.0
2022-12-28 00:00:13+00:00,1.063655,0.0
2022-12-28 00:00:13+00:00,1.063665,0.0
2022-12-28 00:00:14+00:00,1.06367,0.0
2022-12-28 00:00:14+00:00,1.063665,0.0
2022-12-28 00:00:14+00:00,1.063675,0.0
2022-12-28 00:00:14+00:00,1.06368,0.0
2022-12-28 00:00:14+00:00,1.063685,0.0
2022-12-28 00:00:14+00:00,1.06369,0.0
2022-12-28 00:00:14+00:00,1.063685,0.0
2022-12-28 00:00:14+00:00,1.06368,0.0
2022-12-28 00:00:14+00:00,1.063675,0.0
2022-12-28 00:00:16+00:00,1.06367,0.0
2022-12-28 00:00:18+00:00,1.063665,0.0
2022-12-28 00:00:18+00:00,1.06367,0.0
2022-12-28 00:00:18+00:00,1.063675,0.0
2022-12-28 00:00:18+00:00,1.06368,0.0
2022-12-28 00:00:18+00:00,1.063685,0.0
2022-12-28 00:00:18+00:00,1.06369,0.0
2022-12-28 00:00:18+00:00,1.063695,0.0
2022-12-28 00:00:18+00:00,1.0637,0.0
2022-12-28 00:00:18+00:00,1.063695,0.0
2022-12-28 00:00:18+00:00,1.0637,0.0
2022-12-28 00:00:18+00:00,1.063705,0.0
2022-12-28 00:00:18+00:00,1.063715,0.0
2022-12-28 00:00:18+00:00,1.06372,0.0
2022-12-28 00:00:18+00:00,1.063725,0.0
2022-12-28 00:00:18+00:00,1.063715,0.0
2022-12-28 00:00:18+00:00,1.06372,0.0
2022-12-28 00:00:18+00:00,1.06374,0.0
2022-12-28 00:00:18+00:00,1.063745,0.0
2022-12-28 00:00:18+00:00,1.063735,0.0
2022-12-28 00:00:18+00:00,1.06373,0.0
2022-12-28 00:00:19+00:00,1.063725,0.0
2022-12-28 00:00:19+00:00,1.06372,0.0
2022-12-28 00:00:19+00:00,1.063715,0.0
2022-12-28 00:00:19+00:00,1.06371,0.0
2022-12-28 00:00:20+00:00,1.063715,0.0
2022-12-28 00:00:22+00:00,1.06371,0.0
2022-12-28 00:00:22+00:00,1.063715,0.0
2022-12-28 00:00:22+00:00,1.06371,0.0
2022-12-28 00:00:22+00:00,1.0637,0.0
2022-12-28 00:00:23+00:00,1.063715,0.0
2022-12-28 00:00:23+00:00,1.06372,0.0
2022-12-28 00:00:23+00:00,1.063725,0.0
2022-12-28 00:00:23+00:00,1.06373,0.0
2022-12-28 00:00:23+00:00,1.063725,0.0
2022-12-28 00:00:23+00:00,1.06372,0.0
2022-12-28 00:00:23+00:00,1.063725,0.0
2022-12-28 00:00:23+00:00,1.06373,0.0
2022-12-28 00:00:23+00:00,1.063735,0.0
2022-12-28 00:00:23+00:00,1.06373,0.0
2022-12-28 00:00:23+00:00,1.063735,0.0
2022-12-28 00:00:23+00:00,1.06374,0.0
2022-12-28 00:00:23+00:00,1.063745,0.0
2022-12-28 00:00:23+00:00,1.06375,0.0
2022-12-28 00:00:23+00:00,1.06376,0.0
2022-12-28 00:00:23+00:00,1.063765,0.0
2022-12-28 00:00:23+00:00,1.06376,0.0
2022-12-28 00:00:23+00:00,1.063765,0.0
2022-12-28 00:00:24+00:00,1.06377,0.0
2022-12-28 00:00:24+00:00,1.063775,0.0
2022-12-28 00:00:24+00:00,1.06378,0.0
2022-12-28 00:00:24+00:00,1.063775,0.0
2022-12-28 00:00:24+00:00,1.06378,0.0
2022-12-28 00:00:24+00:00,1.063785,0.0
2022-12-28 00:00:28+00:00,1.06379,0.0
2022-12-28 00:00:28+00:00,1.063795,0.0
2022-12-28 00:00:28+00:00,1.0638,0.0
2022-12-28 00:00:28+00:00,1.063805,0.0
2022-12-28 00:00:28+00:00,1.06381,0.0
2022-12-28 00:00:28+00:00,1.063815,0.0
2022-12-28 00:00:28+00:00,1.06382,0.0
2022-12-28 00:00:28+00:00,1.063815,0.0
2022-12-28 00:00:28+00:00,1.06382,0.0
2022-12-28 00:00:28+00:00,1.063815,0.0
2022-12-28 00:00:28+00:00,1.06381,0.0
2022-12-28 00:00:28+00:00,1.06382,0.0
2022-12-28 00:00:28+00:00,1.06381,0.0
2022-12-28 00:00:29+00:00,1.063815,0.0
2022-12-28 00:00:29+00:00,1.06381,0.0
2022-12-28 00:00:30+00:00,1.063815,0.0
2022-12-28 00:00:30+00:00,1.06381,0.0
2022-12-28 00:00:30+00:00,1.063815,0.0
2022-12-28 00:00:30+00:00,1.06381,0.0
2022-12-28 00:00:31+00:00,1.063805,0.0
2022-12-28 00:00:31+00:00,1.06381,0.0
2022-12-28 00:00:31+00:00,1.063815,0.0
2022-12-28 00:00:31+00:00,1.06381,0.0
2022-12-28 00:00:31+00:00,1.063815,0.0
2022-12-28 00:00:32+00:00,1.06381,0.0
2022-12-28 00:00:32+00:00,1.063805,0.0
2022-12-28 00:00:32+00:00,1.06381,0.0
2022-12-28 00:00:32+00:00,1.063815,0.0
2022-12-28 00:00:33+00:00,1.06382,0.0
2022-12-28 00:00:33+00:00,1.063825,0.0
2022-12-28 00:00:33+00:00,1.06383,0.0
2022-12-28 00:00:33+00:00,1.063835,0.0
2022-12-28 00:00:33+00:00,1.06384,0.0
2022-12-28 00:00:33+00:00,1.063835,0.0
2022-12-28 00:00:33+00:00,1.06383,0.0
2022-12-28 00:00:36+00:00,1.063825,0.0
2022-12-28 00:00:36+00:00,1.06382,0.0
2022-12-28 00:00:36+00:00,1.063815,0.0
2022-12-28 00:00:36+00:00,1.06381,0.0
2022-12-28 00:00:36+00:00,1.06382,0.0
2022-12-28 00:00:36+00:00,1.063815,0.0
2022-12-28 00:00:36+00:00,1.06382,0.0
2022-12-28 00:00:36+00:00,1.063825,0.0
2022-12-28 00:00:37+00:00,1.06383,0.0
2022-12-28 00:00:37+00:00,1.063835,0.0
2022-12-28 00:00:37+00:00,1.06384,0.0
2022-12-28 00:00:37+00:00,1.06385,0.0
2022-12-28 00:00:37+00:00,1.063855,0.0
2022-12-28 00:00:37+00:00,1.06386,0.0
2022-12-28 00:00:37+00:00,1.063865,0.0
2022-12-28 00:00:37+00:00,1.063885,0.0
2022-12-28 00:00:37+00:00,1.06389,0.0
2022-12-28 00:00:37+00:00,1.063895,0.0
2022-12-28 00:00:37+00:00,1.0639,0.0
2022-12-28 00:00:37+00:00,1.063905,0.0
2022-12-28 00:00:38+00:00,1.06391,0.0
2022-12-28 00:00:38+00:00,1.063905,0.0
2022-12-28 00:00:38+00:00,1.06391,0.0
2022-12-28 00:00:40+00:00,1.06392,0.0
2022-12-28 00:00:40+00:00,1.063925,0.0
2022-12-28 00:00:40+00:00,1.06392,0.0
2022-12-28 00:00:40+00:00,1.063925,0.0
2022-12-28 00:00:42+00:00,1.06392,0.0
2022-12-28 00:00:42+00:00,1.063925,0.0
2022-12-28 00:00:42+00:00,1.063935,0.0
2022-12-28 00:00:42+00:00,1.06394,0.0
2022-12-28 00:00:42+00:00,1.063945,0.0
2022-12-28 00:00:42+00:00,1.06395,0.0
2022-12-28 00:00:42+00:00,1.063955,0.0
2022-12-28 00:00:42+00:00,1.06396,0.0
2022-12-28 00:00:42+00:00,1.063965,0.0
2022-12-28 00:00:42+00:00,1.063975,0.0
2022-12-28 00:00:42+00:00,1.06397,0.0
2022-12-28 00:00:42+00:00,1.06396,0.0
2022-12-28 00:00:42+00:00,1.063955,0.0
2022-12-28 00:00:42+00:00,1.06396,0.0
2022-12-28 00:00:42+00:00,1.063965,0.0
2022-12-28 00:00:43+00:00,1.06396,0.0
2022-12-28 00:00:43+00:00,1.063955,0.0
2022-12-28 00:00:43+00:00,1.06395,0.0
2022-12-28 00:00:43+00:00,1.063955,0.0
2022-12-28 00:00:43+00:00,1.06395,0.0
2022-12-28 00:00:47+00:00,1.063945,0.0
2022-12-28 00:00:47+00:00,1.06394,0.0
2022-12-28 00:00:47+00:00,1.063935,0.0
2022-12-28 00:00:47+00:00,1.063925,0.0
2022-12-28 00:00:47+00:00,1.06392,0.0
2022-12-28 00:00:47+00:00,1.063915,0.0
2022-12-28 00:00:47+00:00,1.06391,0.0
2022-12-28 00:00:47+00:00,1.063915,0.0
2022-12-28 00:00:47+00:00,1.06391,0.0
2022-12-28 00:00:48+00:00,1.063915,0.0
2022-12-28 00:00:51+00:00,1.06392,0.0
2022-12-28 00:00:51+00:00,1.063915,0.0
2022-12-28 00:00:51+00:00,1.06391,0.0
2022-12-28 00:00:51+00:00,1.063905,0.0
2022-12-28 00:00:52+00:00,1.06391,0.0
2022-12-28 00:00:53+00:00,1.063915,0.0
2022-12-28 00:00:53+00:00,1.06392,0.0
2022-12-28 00:01:01+00:00,1.063925,0.0
2022-12-28 00:01:01+00:00,1.06392,0.0
2022-12-28 00:01:01+00:00,1.063925,0.0
2022-12-28 00:01:01+00:00,1.06392,0.0
2022-12-28 00:01:02+00:00,1.063915,0.0
2022-12-28 00:01:02+00:00,1.06392,0.0
2022-12-28 00:01:02+00:00,1.063915,0.0
2022-12-28 00:01:02+00:00,1.06391,0.0
2022-12-28 00:01:02+00:00,1.063915,0.0
2022-12-28 00:01:02+00:00,1.06391,0.0
2022-12-28 00:01:02+00:00,1.063905,0.0
2022-12-28 00:01:02+00:00,1.063915,0.0
2022-12-28 00:01:02+00:00,1.06392,0.0
2022-12-28 00:01:02+00:00,1.063915,0.0
2022-12-28 00:01:02+00:00,1.06392,0.0
2022-12-28 00:01:02+00:00,1.063915,0.0
2022-12-28 00:01:03+00:00,1.06392,0.0
2022-12-28 00:01:03+00:00,1.063915,0.0
2022-12-28 00:01:03+00:00,1.06391,0.0
2022-12-28 00:01:05+00:00,1.063915,0.0
2022-12-28 00:01:05+00:00,1.06391,0.0
2022-12-28 00:01:06+00:00,1.063905,0.0
2022-12-28 00:01:08+00:00,1.0639,0.0
2022-12-28 00:01:08+00:00,1.063895,0.0
2022-12-28 00:01:08+00:00,1.06389,0.0
2022-12-28 00:01:08+00:00,1.063885,0.0
2022-12-28 00:01:08+00:00,1.06388,0.0
2022-12-28 00:01:08+00:00,1.063875,0.0
2022-12-28 00:01:09+00:00,1.06387,0.0
2022-12-28 00:01:09+00:00,1.063865,0.0
2022-12-28 00:01:09+00:00,1.06386,0.0
2022-12-28 00:01:09+00:00,1.063855,0.0
2022-12-28 00:01:09+00:00,1.06386,0.0
2022-12-28 00:01:11+00:00,1.063865,0.0
2022-12-28 00:01:11+00:00,1.06387,0.0
2022-12-28 00:01:11+00:00,1.063875,0.0
2022-12-28 00:01:11+00:00,1.06388,0.0
2022-12-28 00:01:11+00:00,1.06389,0.0
2022-12-28 00:01:11+00:00,1.063895,0.0
2022-12-28 00:01:11+00:00,1.0639,0.0
2022-12-28 00:01:11+00:00,1.063905,0.0
2022-12-28 00:01:11+00:00,1.06391,0.0
2022-12-28 00:01:11+00:00,1.063915,0.0
2022-12-28 00:01:18+00:00,1.06391,0.0
2022-12-28 00:01:18+00:00,1.0639,0.0
2022-12-28 00:01:18+00:00,1.06391,0.0
2022-12-28 00:01:18+00:00,1.063915,0.0
2022-12-28 00:01:19+00:00,1.06392,0.0
2022-12-28 00:01:20+00:00,1.063915,0.0
2022-12-28 00:01:20+00:00,1.06392,0.0
2022-12-28 00:01:20+00:00,1.063925,0.0
2022-12-28 00:01:20+00:00,1.06393,0.0
2022-12-28 00:01:20+00:00,1.063935,0.0
2022-12-28 00:01:20+00:00,1.06394,0.0
2022-12-28 00:01:20+00:00,1.063945,0.0
2022-12-28 00:01:20+00:00,1.06395,0.0
2022-12-28 00:01:20+00:00,1.063955,0.0
2022-12-28 00:01:20+00:00,1.06396,0.0
2022-12-28 00:01:25+00:00,1.063965,0.0
2022-12-28 00:01:28+00:00,1.063975,0.0
2022-12-28 00:01:29+00:00,1.06398,0.0
2022-12-28 00:01:29+00:00,1.063985,0.0
2022-12-28 00:01:29+00:00,1.06399,0.0
2022-12-28 00:01:29+00:00,1.064,0.0
2022-12-28 00:01:29+00:00,1.064005,0.0
2022-12-28 00:01:29+00:00,1.064015,0.0
2022-12-28 00:01:29+00:00,1.064005,0.0
2022-12-28 00:01:29+00:00,1.06401,0.0
2022-12-28 00:01:29+00:00,1.06402,0.0
2022-12-28 00:01:30+00:00,1.06401,0.0
2022-12-28 00:01:30+00:00,1.064005,0.0
2022-12-28 00:01:30+00:00,1.064,0.0
2022-12-28 00:01:30+00:00,1.063995,0.0
2022-12-28 00:01:30+00:00,1.06399,0.0
2022-12-28 00:01:30+00:00,1.063985,0.0
2022-12-28 00:01:30+00:00,1.06398,0.0
2022-12-28 00:01:30+00:00,1.063975,0.0
2022-12-28 00:01:30+00:00,1.06398,0.0
2022-12-28 00:01:31+00:00,1.063975,0.0
2022-12-28 00:01:31+00:00,1.06398,0.0
2022-12-28 00:01:31+00:00,1.063985,0.0
2022-12-28 00:01:31+00:00,1.06399,0.0
2022-12-28 00:01:31+00:00,1.063995,0.0
2022-12-28 00:01:31+00:00,1.064,0.0
2022-12-28 00:01:32+00:00,1.064005,0.0
2022-12-28 00:01:32+00:00,1.064015,0.0
2022-12-28 00:01:33+00:00,1.064005,0.0
2022-12-28 00:01:33+00:00,1.064015,0.0
2022-12-28 00:01:33+00:00,1.064005,0.0
2022-12-28 00:01:34+00:00,1.064015,0.0
2022-12-28 00:01:37+00:00,1.06402,0.0
2022-12-28 00:01:43+00:00,1.064025,0.0
2022-12-28 00:01:43+00:00,1.06403,0.0
2022-12-28 00:01:43+00:00,1.064035,0.0
2022-12-28 00:01:43+00:00,1.06404,0.0
2022-12-28 00:01:43+00:00,1.064045,0.0
2022-12-28 00:01:43+00:00,1.064055,0.0
2022-12-28 00:01:43+00:00,1.06406,0.0
2022-12-28 00:01:43+00:00,1.064065,0.0
2022-12-28 00:01:43+00:00,1.06406,0.0
2022-12-28 00:01:43+00:00,1.06405,0.0
2022-12-28 00:01:43+00:00,1.064045,0.0
2022-12-28 00:01:43+00:00,1.06405,0.0
2022-12-28 00:01:43+00:00,1.06406,0.0
2022-12-28 00:01:43+00:00,1.064075,0.0
2022-12-28 00:01:43+00:00,1.064065,0.0
2022-12-28 00:01:43+00:00,1.064055,0.0
2022-12-28 00:01:43+00:00,1.064065,0.0
2022-12-28 00:01:43+00:00,1.06407,0.0
2022-12-28 00:01:43+00:00,1.064075,0.0
2022-12-28 00:01:43+00:00,1.06408,0.0
2022-12-28 00:01:43+00:00,1.064105,0.0
2022-12-28 00:01:43+00:00,1.064095,0.0
2022-12-28 00:01:43+00:00,1.06409,0.0
2022-12-28 00:01:43+00:00,1.064095,0.0
2022-12-28 00:01:43+00:00,1.0641,0.0
2022-12-28 00:01:43+00:00,1.06411,0.0
2022-12-28 00:01:43+00:00,1.0641,0.0
2022-12-28 00:01:43+00:00,1.06409,0.0
2022-12-28 00:01:43+00:00,1.064085,0.0
2022-12-28 00:01:43+00:00,1.06408,0.0
2022-12-28 00:01:43+00:00,1.064075,0.0
2022-12-28 00:01:43+00:00,1.06407,0.0
2022-12-28 00:01:46+00:00,1.064075,0.0
2022-12-28 00:01:46+00:00,1.06407,0.0
2022-12-28 00:01:47+00:00,1.064075,0.0
2022-12-28 00:01:47+00:00,1.06408,0.0
2022-12-28 00:01:47+00:00,1.06409,0.0
2022-12-28 00:01:47+00:00,1.064095,0.0
2022-12-28 00:01:47+00:00,1.0641,0.0
2022-12-28 00:01:47+00:00,1.06411,0.0
2022-12-28 00:01:50+00:00,1.064105,0.0
2022-12-28 00:01:50+00:00,1.06409,0.0
2022-12-28 00:01:50+00:00,1.064085,0.0
2022-12-28 00:01:50+00:00,1.06408,0.0
2022-12-28 00:01:50+00:00,1.064075,0.0
2022-12-28 00:01:50+00:00,1.06407,0.0
2022-12-28 00:01:50+00:00,1.064065,0.0
2022-12-28 00:01:52+00:00,1.06407,0.0
2022-12-28 00:01:52+00:00,1.06409,0.0
2022-12-28 00:01:52+00:00,1.064095,0.0
2022-12-28 00:01:52+00:00,1.0641,0.0
2022-12-28 00:01:52+00:00,1.064105,0.0
2022-12-28 00:01:52+00:00,1.064115,0.0
2022-12-28 00:01:52+00:00,1.064105,0.0
2022-12-28 00:01:52+00:00,1.0641,0.0
2022-12-28 00:01:52+00:00,1.06411,0.0
2022-12-28 00:01:52+00:00,1.064115,0.0
2022-12-28 00:01:52+00:00,1.06411,0.0
2022-12-28 00:01:52+00:00,1.064115,0.0
2022-12-28 00:01:52+00:00,1.06412,0.0
2022-12-28 00:01:52+00:00,1.064115,0.0
2022-12-28 00:01:52+00:00,1.06411,0.0
2022-12-28 00:01:57+00:00,1.064115,0.0
2022-12-28 00:01:57+00:00,1.06412,0.0
2022-12-28 00:01:58+00:00,1.064115,0.0
2022-12-28 00:01:58+00:00,1.06411,0.0
2022-12-28 00:01:58+00:00,1.0641,0.0
2022-12-28 00:01:58+00:00,1.064095,0.0
2022-12-28 00:01:58+00:00,1.06408,0.0
2022-12-28 00:01:58+00:00,1.064075,0.0
2022-12-28 00:01:58+00:00,1.06407,0.0
2022-12-28 00:01:58+00:00,1.064065,0.0
2022-12-28 00:01:58+00:00,1.06407,0.0
2022-12-28 00:01:59+00:00,1.064065,0.0
2022-12-28 00:01:59+00:00,1.06407,0.0
2022-12-28 00:01:59+00:00,1.06408,0.0
2022-12-28 00:01:59+00:00,1.064085,0.0
2022-12-28 00:01:59+00:00,1.06409,0.0
2022-12-28 00:01:59+00:00,1.064085,0.0
2022-12-28 00:01:59+00:00,1.06409,0.0
2022-12-28 00:01:59+00:00,1.064105,0.0
2022-12-28 00:02:00+00:00,1.064095,0.0
2022-12-28 00:02:05+00:00,1.06409,0.0
2022-12-28 00:02:05+00:00,1.064085,0.0
2022-12-28 00:02:05+00:00,1.06409,0.0
2022-12-28 00:02:05+00:00,1.064085,0.0
2022-12-28 00:02:05+00:00,1.06409,0.0
2022-12-28 00:02:05+00:00,1.064095,0.0
2022-12-28 00:02:05+00:00,1.064105,0.0
2022-12-28 00:02:06+00:00,1.064095,0.0
2022-12-28 00:02:06+00:00,1.06409,0.0
2022-12-28 00:02:06+00:00,1.064085,0.0
2022-12-28 00:02:06+00:00,1.06408,0.0
2022-12-28 00:02:06+00:00,1.064075,0.0
2022-12-28 00:02:06+00:00,1.06408,0.0
2022-12-28 00:02:06+00:00,1.064085,0.0
2022-12-28 00:02:07+00:00,1.06409,0.0
2022-12-28 00:02:07+00:00,1.064095,0.0
2022-12-28 00:02:07+00:00,1.064105,0.0
2022-12-28 00:02:12+00:00,1.06411,0.0
2022-12-28 00:02:12+00:00,1.064115,0.0
2022-12-28 00:02:15+00:00,1.06412,0.0
2022-12-28 00:02:15+00:00,1.064145,0.0
2022-12-28 00:02:15+00:00,1.064125,0.0
2022-12-28 00:02:15+00:00,1.06413,0.0
2022-12-28 00:02:15+00:00,1.064145,0.0
2022-12-28 00:02:15+00:00,1.06415,0.0
2022-12-28 00:02:15+00:00,1.064155,0.0
2022-12-28 00:02:15+00:00,1.06415,0.0
2022-12-28 00:02:15+00:00,1.064155,0.0
2022-12-28 00:02:15+00:00,1.06415,0.0
2022-12-28 00:02:15+00:00,1.064155,0.0
2022-12-28 00:02:15+00:00,1.06416,0.0
2022-12-28 00:02:15+00:00,1.064165,0.0
2022-12-28 00:02:15+00:00,1.06417,0.0
2022-12-28 00:02:15+00:00,1.064165,0.0
2022-12-28 00:02:15+00:00,1.06417,0.0
2022-12-28 00:02:15+00:00,1.064175,0.0
2022-12-28 00:02:15+00:00,1.06418,0.0
2022-12-28 00:02:15+00:00,1.064185,0.0
2022-12-28 00:02:15+00:00,1.064195,0.0
2022-12-28 00:02:15+00:00,1.0642,0.0
2022-12-28 00:02:15+00:00,1.06419,0.0
2022-12-28 00:02:15+00:00,1.0642,0.0
2022-12-28 00:02:15+00:00,1.06421,0.0
2022-12-28 00:02:16+00:00,1.064205,0.0
2022-12-28 00:02:16+00:00,1.06421,0.0
2022-12-28 00:02:18+00:00,1.064205,0.0
2022-12-28 00:02:18+00:00,1.06421,0.0
2022-12-28 00:02:18+00:00,1.064205,0.0
2022-12-28 00:02:19+00:00,1.06421,0.0
2022-12-28 00:02:19+00:00,1.064205,0.0
2022-12-28 00:02:19+00:00,1.06421,0.0
2022-12-28 00:02:19+00:00,1.064205,0.0
2022-12-28 00:02:20+00:00,1.06421,0.0
2022-12-28 00:02:20+00:00,1.064215,0.0
2022-12-28 00:02:20+00:00,1.06422,0.0
2022-12-28 00:02:20+00:00,1.064215,0.0
2022-12-28 00:02:21+00:00,1.064225,0.0
2022-12-28 00:02:21+00:00,1.06423,0.0
2022-12-28 00:02:21+00:00,1.064225,0.0
2022-12-28 00:02:23+00:00,1.06422,0.0
2022-12-28 00:02:23+00:00,1.064215,0.0
2022-12-28 00:02:23+00:00,1.06421,0.0
2022-12-28 00:02:23+00:00,1.064215,0.0
2022-12-28 00:02:24+00:00,1.06421,0.0
2022-12-28 00:02:24+00:00,1.064205,0.0
2022-12-28 00:02:31+00:00,1.06421,0.0
2022-12-28 00:02:31+00:00,1.064215,0.0
2022-12-28 00:02:36+00:00,1.06422,0.0
2022-12-28 00:02:36+00:00,1.064215,0.0
2022-12-28 00:02:36+00:00,1.06422,0.0
2022-12-28 00:02:36+00:00,1.064215,0.0
2022-12-28 00:02:49+00:00,1.06422,0.0
2022-12-28 00:02:49+00:00,1.064225,0.0
2022-12-28 00:02:49+00:00,1.06422,0.0
2022-12-28 00:02:49+00:00,1.064215,0.0
2022-12-28 00:02:52+00:00,1.06422,0.0
2022-12-28 00:02:52+00:00,1.064225,0.0
2022-12-28 00:02:52+00:00,1.06422,0.0
2022-12-28 00:02:52+00:00,1.064225,0.0
2022-12-28 00:02:52+00:00,1.064235,0.0
2022-12-28 00:02:52+00:00,1.06424,0.0
2022-12-28 00:02:52+00:00,1.064245,0.0
2022-12-28 00:02:52+00:00,1.064255,0.0
2022-12-28 00:02:52+00:00,1.06426,0.0
2022-12-28 00:02:52+00:00,1.064265,0.0
2022-12-28 00:02:52+00:00,1.06427,0.0
2022-12-28 00:02:52+00:00,1.064275,0.0
2022-12-28 00:02:52+00:00,1.06428,0.0
2022-12-28 00:02:54+00:00,1.064275,0.0
2022-12-28 00:02:54+00:00,1.06427,0.0
2022-12-28 00:02:54+00:00,1.064265,0.0
2022-12-28 00:02:54+00:00,1.064255,0.0
2022-12-28 00:02:54+00:00,1.06425,0.0
2022-12-28 00:02:54+00:00,1.064245,0.0
2022-12-28 00:02:54+00:00,1.06424,0.0
2022-12-28 00:02:54+00:00,1.064235,0.0
2022-12-28 00:02:54+00:00,1.06424,0.0
2022-12-28 00:02:54+00:00,1.06426,0.0
2022-12-28 00:02:54+00:00,1.064255,0.0
2022-12-28 00:02:54+00:00,1.06426,0.0
2022-12-28 00:02:54+00:00,1.064265,0.0
2022-12-28 00:02:54+00:00,1.06426,0.0
2022-12-28 00:02:54+00:00,1.064255,0.0
2022-12-28 00:02:54+00:00,1.06425,0.0
2022-12-28 00:02:54+00:00,1.064245,0.0
2022-12-28 00:02:54+00:00,1.06424,0.0
2022-12-28 00:02:54+00:00,1.064245,0.0
2022-12-28 00:02:54+00:00,1.06424,0.0
2022-12-28 00:02:54+00:00,1.064235,0.0
2022-12-28 00:02:54+00:00,1.06424,0.0
2022-12-28 00:02:54+00:00,1.06423,0.0
2022-12-28 00:02:54+00:00,1.064225,0.0
2022-12-28 00:02:54+00:00,1.06423,0.0
2022-12-28 00:02:55+00:00,1.064225,0.0
2022-12-28 00:03:02+00:00,1.06423,0.0
2022-12-28 00:03:02+00:00,1.064235,0.0
2022-12-28 00:03:02+00:00,1.06423,0.0
2022-12-28 00:03:04+00:00,1.064225,0.0
2022-12-28 00:03:12+00:00,1.06422,0.0
2022-12-28 00:03:12+00:00,1.064215,0.0
2022-12-28 00:03:12+00:00,1.06421,0.0
2022-12-28 00:03:12+00:00,1.064205,0.0
2022-12-28 00:03:12+00:00,1.0642,0.0
2022-12-28 00:03:12+00:00,1.06419,0.0
2022-12-28 00:03:12+00:00,1.064185,0.0
2022-12-28 00:03:12+00:00,1.06418,0.0
2022-12-28 00:03:12+00:00,1.064175,0.0
2022-12-28 00:03:13+00:00,1.06417,0.0
2022-12-28 00:03:13+00:00,1.064165,0.0
2022-12-28 00:03:13+00:00,1.06417,0.0
2022-12-28 00:03:13+00:00,1.064175,0.0
2022-12-28 00:03:15+00:00,1.06418,0.0
2022-12-28 00:03:15+00:00,1.064175,0.0
2022-12-28 00:03:16+00:00,1.06418,0.0
2022-12-28 00:03:16+00:00,1.064175,0.0
2022-12-28 00:03:16+00:00,1.06418,0.0
2022-12-28 00:03:17+00:00,1.064175,0.0
2022-12-28 00:03:17+00:00,1.06417,0.0
2022-12-28 00:03:17+00:00,1.064165,0.0
2022-12-28 00:03:17+00:00,1.06417,0.0
2022-12-28 00:03:17+00:00,1.064175,0.0
2022-12-28 00:03:17+00:00,1.06418,0.0
2022-12-28 00:03:17+00:00,1.064185,0.0
2022-12-28 00:03:17+00:00,1.06419,0.0
2022-12-28 00:03:17+00:00,1.0642,0.0
2022-12-28 00:03:17+00:00,1.064205,0.0
2022-12-28 00:03:18+00:00,1.0642,0.0
2022-12-28 00:03:18+00:00,1.064205,0.0
2022-12-28 00:03:19+00:00,1.0642,0.0
2022-12-28 00:03:19+00:00,1.064205,0.0
2022-12-28 00:03:19+00:00,1.0642,0.0
2022-12-28 00:03:20+00:00,1.064205,0.0
2022-12-28 00:03:20+00:00,1.0642,0.0
2022-12-28 00:03:21+00:00,1.064205,0.0
2022-12-28 00:03:24+00:00,1.06421,0.0
2022-12-28 00:03:25+00:00,1.064215,0.0
2022-12-28 00:03:25+00:00,1.06421,0.0
2022-12-28 00:03:25+00:00,1.06422,0.0
2022-12-28 00:03:25+00:00,1.06421,0.0
2022-12-28 00:03:25+00:00,1.064215,0.0
2022-12-28 00:03:25+00:00,1.06422,0.0
2022-12-28 00:03:26+00:00,1.064215,0.0
2022-12-28 00:03:27+00:00,1.06422,0.0
2022-12-28 00:03:27+00:00,1.064215,0.0
2022-12-28 00:03:27+00:00,1.06422,0.0
2022-12-28 00:03:28+00:00,1.064225,0.0
2022-12-28 00:03:28+00:00,1.06422,0.0
2022-12-28 00:03:28+00:00,1.064215,0.0
2022-12-28 00:03:28+00:00,1.06422,0.0
2022-12-28 00:03:31+00:00,1.064215,0.0
2022-12-28 00:03:31+00:00,1.06422,0.0
2022-12-28 00:03:31+00:00,1.06423,0.0
2022-12-28 00:03:31+00:00,1.064235,0.0
2022-12-28 00:03:31+00:00,1.06424,0.0
2022-12-28 00:03:31+00:00,1.06425,0.0
2022-12-28 00:03:31+00:00,1.064255,0.0
2022-12-28 00:03:31+00:00,1.06426,0.0
2022-12-28 00:03:32+00:00,1.06427,0.0
2022-12-28 00:03:32+00:00,1.06426,0.0
2022-12-28 00:03:32+00:00,1.064255,0.0
2022-12-28 00:03:32+00:00,1.06425,0.0
2022-12-28 00:03:37+00:00,1.064245,0.0
2022-12-28 00:03:38+00:00,1.06425,0.0
2022-12-28 00:03:39+00:00,1.064255,0.0
2022-12-28 00:03:39+00:00,1.06426,0.0
2022-12-28 00:03:39+00:00,1.064255,0.0
2022-12-28 00:03:39+00:00,1.06425,0.0
2022-12-28 00:03:40+00:00,1.06426,0.0
2022-12-28 00:03:43+00:00,1.064255,0.0
2022-12-28 00:03:43+00:00,1.06425,0.0
2022-12-28 00:03:43+00:00,1.064245,0.0
2022-12-28 00:03:43+00:00,1.06424,0.0
2022-12-28 00:03:43+00:00,1.064235,0.0
2022-12-28 00:03:43+00:00,1.06423,0.0
2022-12-28 00:03:43+00:00,1.064225,0.0
2022-12-28 00:03:44+00:00,1.06422,0.0
2022-12-28 00:03:44+00:00,1.064225,0.0
2022-12-28 00:03:47+00:00,1.06422,0.0
2022-12-28 00:03:50+00:00,1.064225,0.0
2022-12-28 00:03:53+00:00,1.06422,0.0
2022-12-28 00:03:53+00:00,1.06421,0.0
2022-12-28 00:03:53+00:00,1.064205,0.0
2022-12-28 00:03:57+00:00,1.06421,0.0
2022-12-28 00:03:58+00:00,1.064215,0.0
2022-12-28 00:03:58+00:00,1.06421,0.0
2022-12-28 00:03:59+00:00,1.064215,0.0
2022-12-28 00:03:59+00:00,1.06421,0.0
2022-12-28 00:03:59+00:00,1.064205,0.0
2022-12-28 00:04:00+00:00,1.06421,0.0
2022-12-28 00:04:01+00:00,1.064215,0.0
2022-12-28 00:04:01+00:00,1.06421,0.0
2022-12-28 00:04:02+00:00,1.064215,0.0
2022-12-28 00:04:02+00:00,1.06421,0.0
2022-12-28 00:04:02+00:00,1.064215,0.0
2022-12-28 00:04:02+00:00,1.06422,0.0
2022-12-28 00:04:02+00:00,1.064215,0.0
2022-12-28 00:04:02+00:00,1.06422,0.0
2022-12-28 00:04:02+00:00,1.064215,0.0
2022-12-28 00:04:02+00:00,1.06421,0.0
2022-12-28 00:04:02+00:00,1.064205,0.0
2022-12-28 00:04:02+00:00,1.0642,0.0
2022-12-28 00:04:02+00:00,1.064205,0.0
2022-12-28 00:04:02+00:00,1.0642,0.0
2022-12-28 00:04:07+00:00,1.06419,0.0
2022-12-28 00:04:07+00:00,1.064185,0.0
2022-12-28 00:04:07+00:00,1.064175,0.0
2022-12-28 00:04:07+00:00,1.06417,0.0
2022-12-28 00:04:07+00:00,1.064165,0.0
2022-12-28 00:04:08+00:00,1.06417,0.0
2022-12-28 00:04:09+00:00,1.064165,0.0
2022-12-28 00:04:09+00:00,1.06417,0.0
2022-12-28 00:04:10+00:00,1.064165,0.0
2022-12-28 00:04:13+00:00,1.06417,0.0
2022-12-28 00:04:13+00:00,1.064175,0.0
2022-12-28 00:04:13+00:00,1.06417,0.0
2022-12-28 00:04:13+00:00,1.064175,0.0
2022-12-28 00:04:13+00:00,1.06417,0.0
2022-12-28 00:04:13+00:00,1.064165,0.0
2022-12-28 00:04:13+00:00,1.06417,0.0
2022-12-28 00:04:13+00:00,1.064175,0.0
2022-12-28 00:04:13+00:00,1.064195,0.0
2022-12-28 00:04:13+00:00,1.0642,0.0
2022-12-28 00:04:18+00:00,1.064195,0.0
2022-12-28 00:04:20+00:00,1.064185,0.0
2022-12-28 00:04:20+00:00,1.064195,0.0
2022-12-28 00:04:23+00:00,1.0642,0.0
2022-12-28 00:04:23+00:00,1.06419,0.0
2022-12-28 00:04:23+00:00,1.064185,0.0
2022-12-28 00:04:23+00:00,1.06418,0.0
2022-12-28 00:04:23+00:00,1.064175,0.0
2022-12-28 00:04:23+00:00,1.06417,0.0
2022-12-28 00:04:23+00:00,1.064165,0.0
2022-12-28 00:04:24+00:00,1.06416,0.0
2022-12-28 00:04:26+00:00,1.064165,0.0
2022-12-28 00:04:26+00:00,1.06416,0.0
2022-12-28 00:04:27+00:00,1.064165,0.0
2022-12-28 00:04:31+00:00,1.06417,0.0
2022-12-28 00:04:31+00:00,1.064165,0.0
2022-12-28 00:04:32+00:00,1.06417,0.0
2022-12-28 00:04:32+00:00,1.064165,0.0
2022-12-28 00:04:36+00:00,1.06417,0.0
2022-12-28 00:04:36+00:00,1.064165,0.0
2022-12-28 00:04:39+00:00,1.06417,0.0
2022-12-28 00:04:39+00:00,1.064165,0.0
2022-12-28 00:04:40+00:00,1.06417,0.0
2022-12-28 00:04:40+00:00,1.064165,0.0
2022-12-28 00:04:40+00:00,1.06417,0.0
2022-12-28 00:04:40+00:00,1.064165,0.0
2022-12-28 00:04:41+00:00,1.06417,0.0
2022-12-28 00:04:41+00:00,1.064175,0.0
2022-12-28 00:04:41+00:00,1.06417,0.0
2022-12-28 00:04:41+00:00,1.064165,0.0
2022-12-28 00:04:41+00:00,1.06414,0.0
2022-12-28 00:04:41+00:00,1.064135,0.0
2022-12-28 00:04:41+00:00,1.06414,0.0
2022-12-28 00:04:41+00:00,1.064135,0.0
2022-12-28 00:04:41+00:00,1.06413,0.0
2022-12-28 00:04:41+00:00,1.064125,0.0
2022-12-28 00:04:41+00:00,1.06412,0.0
2022-12-28 00:04:41+00:00,1.064115,0.0
2022-12-28 00:04:41+00:00,1.06412,0.0
2022-12-28 00:04:41+00:00,1.064115,0.0
2022-12-28 00:04:41+00:00,1.064105,0.0
2022-12-28 00:04:41+00:00,1.064095,0.0
2022-12-28 00:04:41+00:00,1.06409,0.0
2022-12-28 00:04:41+00:00,1.064085,0.0
2022-12-28 00:04:41+00:00,1.06408,0.0
2022-12-28 00:04:41+00:00,1.064075,0.0
2022-12-28 00:04:42+00:00,1.06407,0.0
2022-12-28 00:04:42+00:00,1.064065,0.0
2022-12-28 00:04:43+00:00,1.06407,0.0
2022-12-28 00:04:43+00:00,1.064075,0.0
2022-12-28 00:04:43+00:00,1.06407,0.0
2022-12-28 00:04:43+00:00,1.064065,0.0
2022-12-28 00:04:45+00:00,1.06407,0.0
2022-12-28 00:04:45+00:00,1.064065,0.0
2022-12-28 00:04:52+00:00,1.064055,0.0
2022-12-28 00:04:52+00:00,1.064065,0.0
2022-12-28 00:04:55+00:00,1.064055,0.0
2022-12-28 00:05:00+00:00,1.06405,0.0
2022-12-28 00:05:02+00:00,1.064045,0.0
2022-12-28 00:05:02+00:00,1.06404,0.0
2022-12-28 00:05:02+00:00,1.064045,0.0
2022-12-28 00:05:02+00:00,1.06405,0.0
2022-12-28 00:05:07+00:00,1.064055,0.0
2022-12-28 00:05:07+00:00,1.064065,0.0
2022-12-28 00:05:07+00:00,1.06407,0.0
2022-12-28 00:05:08+00:00,1.064075,0.0
2022-12-28 00:05:08+00:00,1.06408,0.0
2022-12-28 00:05:08+00:00,1.064075,0.0
2022-12-28 00:05:08+00:00,1.06407,0.0
2022-12-28 00:05:08+00:00,1.064075,0.0
2022-12-28 00:05:08+00:00,1.06408,0.0
2022-12-28 00:05:09+00:00,1.06407,0.0
2022-12-28 00:05:10+00:00,1.064075,0.0
2022-12-28 00:05:10+00:00,1.06408,0.0
2022-12-28 00:05:10+00:00,1.064075,0.0
2022-12-28 00:05:10+00:00,1.06407,0.0
2022-12-28 00:05:11+00:00,1.064065,0.0
2022-12-28 00:05:11+00:00,1.064055,0.0
2022-12-28 00:05:12+00:00,1.06405,0.0
2022-12-28 00:05:12+00:00,1.064055,0.0
2022-12-28 00:05:12+00:00,1.06405,0.0
2022-12-28 00:05:21+00:00,1.064045,0.0
2022-12-28 00:05:21+00:00,1.06404,0.0
2022-12-28 00:05:22+00:00,1.064045,0.0
2022-12-28 00:05:26+00:00,1.06405,0.0
2022-12-28 00:05:27+00:00,1.064045,0.0
2022-12-28 00:05:27+00:00,1.06405,0.0
2022-12-28 00:05:27+00:00,1.064055,0.0
2022-12-28 00:05:28+00:00,1.064065,0.0
2022-12-28 00:05:28+00:00,1.064055,0.0
2022-12-28 00:05:29+00:00,1.06405,0.0
2022-12-28 00:05:35+00:00,1.064045,0.0
2022-12-28 00:05:35+00:00,1.06405,0.0
2022-12-28 00:05:35+00:00,1.064055,0.0
2022-12-28 00:05:35+00:00,1.06405,0.0
2022-12-28 00:05:37+00:00,1.064045,0.0
2022-12-28 00:05:37+00:00,1.06404,0.0
2022-12-28 00:05:37+00:00,1.064035,0.0
2022-12-28 00:05:37+00:00,1.06403,0.0
2022-12-28 00:05:37+00:00,1.06402,0.0
2022-12-28 00:05:37+00:00,1.064015,0.0
2022-12-28 00:05:38+00:00,1.06402,0.0
2022-12-28 00:05:39+00:00,1.064015,0.0
2022-12-28 00:05:39+00:00,1.064005,0.0
2022-12-28 00:05:40+00:00,1.064,0.0
2022-12-28 00:05:40+00:00,1.064015,0.0
2022-12-28 00:05:40+00:00,1.064005,0.0
2022-12-28 00:05:40+00:00,1.064015,0.0
2022-12-28 00:05:40+00:00,1.064005,0.0
2022-12-28 00:05:40+00:00,1.064015,0.0
2022-12-28 00:05:40+00:00,1.064005,0.0
2022-12-28 00:05:40+00:00,1.063995,0.0
2022-12-28 00:05:40+00:00,1.064,0.0
2022-12-28 00:05:40+00:00,1.06401,0.0
2022-12-28 00:05:40+00:00,1.064005,0.0
2022-12-28 00:05:41+00:00,1.064,0.0
2022-12-28 00:05:41+00:00,1.064005,0.0
2022-12-28 00:05:43+00:00,1.064,0.0
2022-12-28 00:05:43+00:00,1.064005,0.0
2022-12-28 00:05:43+00:00,1.064,0.0
2022-12-28 00:05:43+00:00,1.064005,0.0
2022-12-28 00:05:44+00:00,1.06401,0.0
2022-12-28 00:05:44+00:00,1.06402,0.0
2022-12-28 00:05:46+00:00,1.06401,0.0
2022-12-28 00:05:46+00:00,1.064005,0.0
2022-12-28 00:05:48+00:00,1.064,0.0
2022-12-28 00:05:48+00:00,1.063995,0.0
2022-12-28 00:05:48+00:00,1.064,0.0
2022-12-28 00:05:49+00:00,1.063995,0.0
2022-12-28 00:05:49+00:00,1.063985,0.0
2022-12-28 00:05:49+00:00,1.06398,0.0
2022-12-28 00:05:49+00:00,1.063975,0.0
2022-12-28 00:05:49+00:00,1.06397,0.0
2022-12-28 00:05:49+00:00,1.06396,0.0
2022-12-28 00:05:51+00:00,1.06397,0.0
2022-12-28 00:05:51+00:00,1.06396,0.0
2022-12-28 00:05:53+00:00,1.063955,0.0
2022-12-28 00:05:54+00:00,1.06395,0.0
2022-12-28 00:05:54+00:00,1.063955,0.0
2022-12-28 00:05:54+00:00,1.06395,0.0
2022-12-28 00:05:54+00:00,1.063945,0.0
2022-12-28 00:05:54+00:00,1.06394,0.0
2022-12-28 00:05:54+00:00,1.06393,0.0
2022-12-28 00:05:54+00:00,1.063925,0.0
2022-12-28 00:05:54+00:00,1.06392,0.0
2022-12-28 00:05:55+00:00,1.063925,0.0
2022-12-28 00:05:55+00:00,1.06392,0.0
2022-12-28 00:05:56+00:00,1.063925,0.0
2022-12-28 00:05:59+00:00,1.06392,0.0
2022-12-28 00:05:59+00:00,1.06393,0.0
2022-12-28 00:05:59+00:00,1.063925,0.0
2022-12-28 00:05:59+00:00,1.06392,0.0
2022-12-28 00:06:00+00:00,1.063925,0.0
2022-12-28 00:06:01+00:00,1.06392,0.0
2022-12-28 00:06:01+00:00,1.063915,0.0
2022-12-28 00:06:01+00:00,1.06392,0.0
2022-12-28 00:06:01+00:00,1.063915,0.0
2022-12-28 00:06:02+00:00,1.06392,0.0
2022-12-28 00:06:02+00:00,1.063915,0.0
2022-12-28 00:06:02+00:00,1.06392,0.0
2022-12-28 00:06:02+00:00,1.063915,0.0
2022-12-28 00:06:02+00:00,1.06392,0.0
2022-12-28 00:06:03+00:00,1.063915,0.0
2022-12-28 00:06:03+00:00,1.06392,0.0
2022-12-28 00:06:03+00:00,1.063925,0.0
2022-12-28 00:06:03+00:00,1.06392,0.0
2022-12-28 00:06:04+00:00,1.063915,0.0
2022-12-28 00:06:04+00:00,1.06392,0.0
2022-12-28 00:06:04+00:00,1.063925,0.0
2022-12-28 00:06:04+00:00,1.06393,0.0
2022-12-28 00:06:05+00:00,1.063925,0.0
2022-12-28 00:06:05+00:00,1.06392,0.0
2022-12-28 00:06:05+00:00,1.063915,0.0
2022-12-28 00:06:06+00:00,1.063925,0.0
2022-12-28 00:06:06+00:00,1.06393,0.0
2022-12-28 00:06:06+00:00,1.063925,0.0
2022-12-28 00:06:06+00:00,1.06392,0.0
2022-12-28 00:06:06+00:00,1.063925,0.0
2022-12-28 00:06:07+00:00,1.06392,0.0
2022-12-28 00:06:07+00:00,1.063915,0.0
2022-12-28 00:06:07+00:00,1.06392,0.0
2022-12-28 00:06:07+00:00,1.063925,0.0
2022-12-28 00:06:08+00:00,1.06393,0.0
2022-12-28 00:06:08+00:00,1.063925,0.0
2022-12-28 00:06:08+00:00,1.06392,0.0
2022-12-28 00:06:08+00:00,1.063915,0.0
2022-12-28 00:06:08+00:00,1.06392,0.0
2022-12-28 00:06:09+00:00,1.063925,0.0
2022-12-28 00:06:10+00:00,1.06392,0.0
2022-12-28 00:06:10+00:00,1.063915,0.0
2022-12-28 00:06:10+00:00,1.06391,0.0
2022-12-28 00:06:11+00:00,1.063915,0.0
2022-12-28 00:06:11+00:00,1.06392,0.0
2022-12-28 00:06:11+00:00,1.063925,0.0
2022-12-28 00:06:11+00:00,1.06393,0.0
2022-12-28 00:06:12+00:00,1.063925,0.0
2022-12-28 00:06:12+00:00,1.06392,0.0
2022-12-28 00:06:12+00:00,1.063925,0.0
2022-12-28 00:06:12+00:00,1.06392,0.0
2022-12-28 00:06:12+00:00,1.063915,0.0
2022-12-28 00:06:13+00:00,1.06391,0.0
2022-12-28 00:06:13+00:00,1.063915,0.0
2022-12-28 00:06:13+00:00,1.06391,0.0
2022-12-28 00:06:13+00:00,1.063915,0.0
2022-12-28 00:06:13+00:00,1.06392,0.0
2022-12-28 00:06:14+00:00,1.063915,0.0
2022-12-28 00:06:14+00:00,1.06392,0.0
2022-12-28 00:06:15+00:00,1.063915,0.0
2022-12-28 00:06:15+00:00,1.06391,0.0
2022-12-28 00:06:15+00:00,1.063915,0.0
2022-12-28 00:06:15+00:00,1.06391,0.0
2022-12-28 00:06:15+00:00,1.063915,0.0
2022-12-28 00:06:15+00:00,1.06391,0.0
2022-12-28 00:06:15+00:00,1.063915,0.0
2022-12-28 00:06:15+00:00,1.06392,0.0
2022-12-28 00:06:15+00:00,1.063915,0.0
2022-12-28 00:06:15+00:00,1.06392,0.0
2022-12-28 00:06:15+00:00,1.063915,0.0
2022-12-28 00:06:15+00:00,1.06392,0.0
2022-12-28 00:06:15+00:00,1.063915,0.0
2022-12-28 00:06:16+00:00,1.06391,0.0
2022-12-28 00:06:16+00:00,1.063915,0.0
2022-12-28 00:06:16+00:00,1.06391,0.0
2022-12-28 00:06:16+00:00,1.063905,0.0
2022-12-28 00:06:16+00:00,1.06391,0.0
2022-12-28 00:06:16+00:00,1.063915,0.0
2022-12-28 00:06:16+00:00,1.06392,0.0
2022-12-28 00:06:17+00:00,1.063915,0.0
2022-12-28 00:06:17+00:00,1.06391,0.0
2022-12-28 00:06:17+00:00,1.063915,0.0
2022-12-28 00:06:17+00:00,1.06392,0.0
2022-12-28 00:06:17+00:00,1.063915,0.0
2022-12-28 00:06:18+00:00,1.06392,0.0
2022-12-28 00:06:18+00:00,1.063925,0.0
2022-12-28 00:06:18+00:00,1.06392,0.0
2022-12-28 00:06:18+00:00,1.063915,0.0
2022-12-28 00:06:18+00:00,1.06392,0.0
2022-12-28 00:06:18+00:00,1.063925,0.0
2022-12-28 00:06:19+00:00,1.06393,0.0
2022-12-28 00:06:19+00:00,1.063935,0.0
2022-12-28 00:06:19+00:00,1.06393,0.0
2022-12-28 00:06:19+00:00,1.063925,0.0
2022-12-28 00:06:19+00:00,1.06393,0.0
2022-12-28 00:06:19+00:00,1.063935,0.0
2022-12-28 00:06:19+00:00,1.06393,0.0
2022-12-28 00:06:19+00:00,1.063925,0.0
2022-12-28 00:06:19+00:00,1.06393,0.0
2022-12-28 00:06:19+00:00,1.063935,0.0
2022-12-28 00:06:20+00:00,1.06393,0.0
2022-12-28 00:06:20+00:00,1.063935,0.0
2022-12-28 00:06:20+00:00,1.06393,0.0
2022-12-28 00:06:22+00:00,1.063925,0.0
2022-12-28 00:06:23+00:00,1.06393,0.0
2022-12-28 00:06:24+00:00,1.063935,0.0
2022-12-28 00:06:24+00:00,1.06394,0.0
2022-12-28 00:06:24+00:00,1.063945,0.0
2022-12-28 00:06:24+00:00,1.06394,0.0
2022-12-28 00:06:24+00:00,1.063945,0.0
2022-12-28 00:06:24+00:00,1.06395,0.0
2022-12-28 00:06:24+00:00,1.063955,0.0
2022-12-28 00:06:24+00:00,1.06398,0.0
2022-12-28 00:06:24+00:00,1.063985,0.0
2022-12-28 00:06:24+00:00,1.06398,0.0
2022-12-28 00:06:24+00:00,1.063975,0.0
2022-12-28 00:06:24+00:00,1.06398,0.0
2022-12-28 00:06:24+00:00,1.063975,0.0
2022-12-28 00:06:24+00:00,1.06398,0.0
2022-12-28 00:06:24+00:00,1.063975,0.0
2022-12-28 00:06:25+00:00,1.06397,0.0
2022-12-28 00:06:25+00:00,1.063975,0.0
2022-12-28 00:06:25+00:00,1.06397,0.0
2022-12-28 00:06:25+00:00,1.063975,0.0
2022-12-28 00:06:25+00:00,1.06397,0.0
2022-12-28 00:06:26+00:00,1.063975,0.0
2022-12-28 00:06:26+00:00,1.063985,0.0
2022-12-28 00:06:26+00:00,1.06399,0.0
2022-12-28 00:06:26+00:00,1.063995,0.0
2022-12-28 00:06:26+00:00,1.064,0.0
2022-12-28 00:06:26+00:00,1.064005,0.0
2022-12-28 00:06:26+00:00,1.06401,0.0
2022-12-28 00:06:26+00:00,1.064005,0.0
2022-12-28 00:06:26+00:00,1.06401,0.0
2022-12-28 00:06:26+00:00,1.06402,0.0
2022-12-28 00:06:31+00:00,1.06401,0.0
2022-12-28 00:06:32+00:00,1.06402,0.0
2022-12-28 00:06:35+00:00,1.06401,0.0
2022-12-28 00:06:39+00:00,1.064,0.0
2022-12-28 00:06:39+00:00,1.063995,0.0
2022-12-28 00:06:39+00:00,1.06399,0.0
2022-12-28 00:06:39+00:00,1.063985,0.0
2022-12-28 00:06:40+00:00,1.06398,0.0
2022-12-28 00:06:40+00:00,1.063975,0.0
2022-12-28 00:06:41+00:00,1.063965,0.0
2022-12-28 00:06:41+00:00,1.06396,0.0
2022-12-28 00:06:50+00:00,1.06395,0.0
2022-12-28 00:06:50+00:00,1.063955,0.0
2022-12-28 00:06:50+00:00,1.06395,0.0
2022-12-28 00:06:50+00:00,1.063945,0.0
2022-12-28 00:06:50+00:00,1.063935,0.0
2022-12-28 00:06:50+00:00,1.06393,0.0
2022-12-28 00:06:50+00:00,1.063925,0.0
2022-12-28 00:06:50+00:00,1.06392,0.0
2022-12-28 00:06:50+00:00,1.063915,0.0
2022-12-28 00:06:50+00:00,1.06391,0.0
2022-12-28 00:06:50+00:00,1.063905,0.0
2022-12-28 00:06:51+00:00,1.0639,0.0
2022-12-28 00:06:51+00:00,1.063895,0.0
2022-12-28 00:06:52+00:00,1.06389,0.0
2022-12-28 00:06:52+00:00,1.063885,0.0
2022-12-28 00:06:52+00:00,1.06388,0.0
2022-12-28 00:06:52+00:00,1.063875,0.0
2022-12-28 00:06:52+00:00,1.06387,0.0
2022-12-28 00:06:52+00:00,1.063865,0.0
2022-12-28 00:06:52+00:00,1.06387,0.0
2022-12-28 00:06:53+00:00,1.063865,0.0
2022-12-28 00:06:54+00:00,1.06387,0.0
2022-12-28 00:06:55+00:00,1.063865,0.0
2022-12-28 00:06:56+00:00,1.06386,0.0
2022-12-28 00:06:56+00:00,1.063855,0.0
2022-12-28 00:07:02+00:00,1.06385,0.0
2022-12-28 00:07:02+00:00,1.06384,0.0
2022-12-28 00:07:02+00:00,1.063835,0.0
2022-12-28 00:07:02+00:00,1.06383,0.0
2022-12-28 00:07:02+00:00,1.063825,0.0
2022-12-28 00:07:02+00:00,1.06382,0.0
2022-12-28 00:07:02+00:00,1.063815,0.0
2022-12-28 00:07:02+00:00,1.06382,0.0
2022-12-28 00:07:02+00:00,1.063815,0.0
2022-12-28 00:07:02+00:00,1.06382,0.0
2022-12-28 00:07:02+00:00,1.063815,0.0
2022-12-28 00:07:02+00:00,1.06382,0.0
2022-12-28 00:07:02+00:00,1.063825,0.0
2022-12-28 00:07:02+00:00,1.06382,0.0
2022-12-28 00:07:02+00:00,1.063825,0.0
2022-12-28 00:07:02+00:00,1.06382,0.0
2022-12-28 00:07:02+00:00,1.063815,0.0
